<?xml version="1.0" encoding="UTF-8"?><collection xmlns="http://www.loc.gov/MARC21/slim"><record><leader>00407nam--2200121-i-4500</leader><controlfield tag="001">000015189</controlfield><controlfield tag="002">20161230</controlfield><controlfield tag="005">20161230201031</controlfield><controlfield tag="008">060222s1000------------r-----000-0-eng-d</controlfield><datafield ind1=" " ind2=" " tag="245"><subfield code="a">Metallurgical coating 1976. proceedings of the international conference, san francisco, calif ornia u.s.a., april 5-9, 1976</subfield></datafield><datafield ind1=" " ind2=" " tag="260"><subfield code="a">Lausanne, Elsevier Sequoia S.A., 1977 Vii + 399 P</subfield></datafield><datafield ind1=" " ind2=" " tag="700"><subfield code="a">Bunshah, R. F</subfield></datafield><datafield ind1=" " ind2=" " tag="852"><subfield code="a">77425</subfield></datafield></record></collection>